@misc{pereira:2015,
  Author = {Pereira, Evandro Della Vecchia},
  Institution = {PUCRS},
  Howpublished = {Notas de aula da disciplina de Redes 3.},
  Year = {2015},
  Title = {Notas de aula da disciplina de Redes 3.}
}

@misc{xplico:2015,
  Author = {Xplico},
  Howpublished = {Xplico.},
  Year = {2015},
  Title = {http://www.xplico.org}
}

@misc{santos:2013,
  Author = {Santos, Fabrício},
  Howpublished = {http://saomateus.multivix.edu.br/wp-content/uploads/2013/05/Ferramentas-de-rede-para-pericia-forense.pdf},
  Year = {2013},
  Title = {ESTUDO SOBRE AS FERRAMENTAS DE REDE PARA PERÍCIA FORENSE: ESTUDO DE CASO DO ARQUIVO EVIDENCIAS.PCAP.}
}